<record><leader>00000cas a22000007a 4500</leader><controlfield tag="001">14080021</controlfield><controlfield tag="008">860812d18821917wiuwr ne      0    0ger d</controlfield><datafield ind1=" " ind2=" " tag="010"><subfield code="a">sn 86086283 </subfield></datafield><datafield ind1=" " ind2=" " tag="040"><subfield code="a">NPV</subfield><subfield code="b">eng</subfield><subfield code="c">NPV</subfield><subfield code="d">OCLCQ</subfield></datafield><datafield ind1=" " ind2=" " tag="042"><subfield code="a">msc</subfield></datafield><datafield ind1=" " ind2=" " tag="045"><subfield code="a">w8x1</subfield></datafield><datafield ind1=" " ind2=" " tag="052"><subfield code="a">4123</subfield><subfield code="b">M3</subfield></datafield><datafield ind1="0" ind2=" " tag="130"><subfield code="a">Deutsche pionier (Wausau, Wis.)</subfield></datafield><datafield ind1="1" ind2="4" tag="245"><subfield code="a">Der deutsche pionier.</subfield></datafield><datafield ind1="1" ind2="3" tag="246"><subfield code="a">Pionier</subfield></datafield><datafield ind1="1" ind2="3" tag="246"><subfield code="a">Daheim</subfield></datafield><datafield ind1=" " ind2=" " tag="260"><subfield code="a">Wausau, Wis. :</subfield><subfield code="b">Pionier Co.</subfield></datafield><datafield ind1=" " ind2=" " tag="300"><subfield code="a">v. :</subfield><subfield code="b">ill. (chiefly advertisements)</subfield></datafield><datafield ind1=" " ind2=" " tag="310"><subfield code="a">Weekly</subfield></datafield><datafield ind1=" " ind2=" " tag="321"><subfield code="a">Semiweekly,</subfield><subfield code="b">Jahrg. 18, no. 40 (3 Jan., 1900)-jahrg. 23, no. 93 (11 Feb., 1911) = Ganze no. 925 - Ganze no. 2364</subfield></datafield><datafield ind1=" " ind2=" " tag="321"><subfield code="a">Weekly,</subfield><subfield code="b">Jahrg. 3, no. 27 (18 Oct., 1884)-jahrg. 18, no. 39 (30 Dez., 1899) = No. 131 - No. 924</subfield></datafield><datafield ind1="1" ind2=" " tag="362"><subfield code="a">Began on April 12, 1882; ceased with Jan. 6, 1917 issue.</subfield><subfield code="z">Cf. Arndt, Karl J. and Olson, May E. The German Language Press of the Americas.</subfield></datafield><datafield ind1=" " ind2=" " tag="500"><subfield code="a">Publisher varies.</subfield></datafield><datafield ind1=" " ind2=" " tag="500"><subfield code="a">Added masthead: Daheim; Jan. 1, 1898-Jan. 6, 1917.</subfield></datafield><datafield ind1=" " ind2=" " tag="500"><subfield code="a">Editor: A.W. Young, &lt;Oct. 18, 1884)--Nov. 25, 1893.</subfield></datafield><datafield ind1=" " ind2=" " tag="525"><subfield code="a">Supplements accompany some issues.</subfield></datafield><datafield ind1=" " ind2=" " tag="530"><subfield code="a">Available on microfilm from the State Historical Society of Wisconsin.</subfield></datafield><datafield ind1=" " ind2=" " tag="588"><subfield code="a">Description based on: Jahrg. 3, no. 27 (18 Oct., 1884) = No. 131.</subfield></datafield><datafield ind1=" " ind2=" " tag="752"><subfield code="a">United States</subfield><subfield code="b">Wisconsin</subfield><subfield code="c">Marathon</subfield><subfield code="d">Wausau.</subfield></datafield><datafield ind1="1" ind2=" " tag="029"><subfield code="a">AU@</subfield><subfield code="b">000025825967</subfield></datafield></record>